@book{baase:fire,
author = "Sara Baase",
title = "A gift of fire : social, legal, and ethical issues for computing technology",
year = "2013",
publisher = "Boston, Mass. [u.a.] : Pearson",
address = "Boston, Mass. [u.a.]",
edition = "4. ed., internat. ed.",
}

@Inbook{Lin2015,
	author="Lin, Patrick",
	editor="Maurer, Markus
	and Gerdes, J. Christian
	and Lenz, Barbara
	and Winner, Hermann",
	title="Why Ethics Matters for Autonomous Cars",
	bookTitle="Autonomes Fahren: Technische, rechtliche und gesellschaftliche Aspekte",
	year="2015",
	publisher="Springer Berlin Heidelberg",
	address="Berlin, Heidelberg",
	pages="69--85",
	isbn="978-3-662-45854-9",
	doi="10.1007/978-3-662-45854-9_4",
	url="http://dx.doi.org/10.1007/978-3-662-45854-9_4"
}


@Inbook{Reschka2015,
	author="Reschka, Andreas",
	editor="Maurer, Markus
	and Gerdes, J. Christian
	and Lenz, Barbara
	and Winner, Hermann",
	title="Sicherheitskonzept f{\"u}r autonome {F}ahrzeuge",
	bookTitle="Autonomes Fahren: Technische, rechtliche und gesellschaftliche Aspekte",
	year="2015",
	publisher="Springer Berlin Heidelberg",
	address="Berlin, Heidelberg",
	pages="489--513",
	isbn="978-3-662-45854-9",
	doi="10.1007/978-3-662-45854-9_23",
	url="http://dx.doi.org/10.1007/978-3-662-45854-9_23"
}


@Inbook{Gasser2015,
	author="Gasser, Tom Michael",
	editor="Maurer, Markus
	and Gerdes, J. Christian
	and Lenz, Barbara
	and Winner, Hermann",
	title="Grundlegende und spezielle {R}echtsfragen f{\"u}r autonome {F}ahrzeuge",
	bookTitle="Autonomes Fahren: Technische, rechtliche und gesellschaftliche Aspekte",
	year="2015",
	publisher="Springer Berlin Heidelberg",
	address="Berlin, Heidelberg",
	pages="543--574",
	isbn="978-3-662-45854-9",
	doi="10.1007/978-3-662-45854-9_25",
	url="http://dx.doi.org/10.1007/978-3-662-45854-9_25"
}


@Inbook{Wolf2015,
	author="Wolf, Ingo",
	editor="Maurer, Markus
	and Gerdes, J. Christian
	and Lenz, Barbara
	and Winner, Hermann",
	title="Wechselwirkung {M}ensch und autonomer {A}gent",
	bookTitle="Autonomes Fahren: Technische, rechtliche und gesellschaftliche Aspekte",
	year="2015",
	publisher="Springer Berlin Heidelberg",
	address="Berlin, Heidelberg",
	pages="103--125",
	isbn="978-3-662-45854-9",
	doi="10.1007/978-3-662-45854-9_6",
	url="http://dx.doi.org/10.1007/978-3-662-45854-9_6"
}


@Inbook{Gerdes2015,
	author="Gerdes, J. Christian
	and Thornton, Sarah M.",
	editor="Maurer, Markus
	and Gerdes, J. Christian
	and Lenz, Barbara
	and Winner, Hermann",
	title="Implementable Ethics for Autonomous Vehicles",
	bookTitle="Autonomes Fahren: Technische, rechtliche und gesellschaftliche Aspekte",
	year="2015",
	publisher="Springer Berlin Heidelberg",
	address="Berlin, Heidelberg",
	pages="87--102",
	isbn="978-3-662-45854-9",
	doi="10.1007/978-3-662-45854-9_5",
	url="http://dx.doi.org/10.1007/978-3-662-45854-9_5"
}


@Article{Gogoll2016,
author="Gogoll, Jan
and M{\"u}ller, Julian F.",
title="Autonomous Cars: In Favor of a Mandatory Ethics Setting",
journal="Science and Engineering Ethics",
year="2016",
pages="1--20",
issn="1471-5546",
doi="10.1007/s11948-016-9806-x",
url="http://dx.doi.org/10.1007/s11948-016-9806-x"
}

@Article{Hevelke2015,
author="Hevelke, Alexander
and Nida-R{\"u}melin, Julian",
title="Responsibility for Crashes of Autonomous Vehicles: An Ethical Analysis",
journal="Science and Engineering Ethics",
year="2015",
volume="21",
number="3",
pages="619--630",
issn="1471-5546",
doi="10.1007/s11948-014-9565-5",
url="http://dx.doi.org/10.1007/s11948-014-9565-5"
}

@article{Gless2016,
	author="Gless, S.
	and Janal, R.",
	title="Hochautomatisiertes und autonomes {A}utofahren – {R}isiko und rechtliche {V}erantwortung",
	journal="Juristische Rundschau",
	year="2016",
	volume="10",
	pages="561--575",
	doi="10.1515/juru-2016-0072",
	issn="0022-6920",
	url="http://dx.doi.org/10.1515/juru-2016-0072"
}

@article{McBride,
 author = {McBride, Neil},
 title = {The Ethics of Driverless Cars},
 journal = {SIGCAS Comput. Soc.},
 issue_date = {September 2015},
 volume = {45},
 number = {3},
 month = jan,
 year = {2016},
 issn = {0095-2737},
 pages = {179--184},
 numpages = {6},
 url = {http://doi.acm.org/10.1145/2874239.2874265},
 doi = {10.1145/2874239.2874265},
 acmid = {2874265},
 publisher = {ACM},
 address = {New York, NY, USA},
 keywords = {driverless cars, ethics, full autonomy},
}

@Article{nunu2016,
author="N\"urnberger, Stefan
and Bugiel, Sven",
title="Autonome {S}ysteme",
journal="Datenschutz und Datensicherheit - DuD",
year="2016",
volume="40",
number="8",
pages="503--506",
issn="1862-2607",
doi="10.1007/s11623-016-0646-2",
url="http://dx.doi.org/10.1007/s11623-016-0646-2"
}

@article {Bonnefon1573,
	author = {Bonnefon, Jean-Fran{\c c}ois and Shariff, Azim and Rahwan, Iyad},
	title = {The social dilemma of autonomous vehicles},
	volume = {352},
	number = {6293},
	pages = {1573--1576},
	year = {2016},
	doi = {10.1126/science.aaf2654},
	publisher = {American Association for the Advancement of Science},
	issn = {0036-8075},
	URL = {http://science.sciencemag.org/content/352/6293/1573},
	eprint = {http://science.sciencemag.org/content/352/6293/1573.full.pdf},
	journal = {Science}
}

@article {Greene1514,
	author = {Greene, Joshua D.},
	title = {Our driverless dilemma},
	volume = {352},
	number = {6293},
	pages = {1514--1515},
	year = {2016},
	doi = {10.1126/science.aaf9534},
	publisher = {American Association for the Advancement of Science},
	issn = {0036-8075},
	URL = {http://science.sciencemag.org/content/352/6293/1514},
	eprint = {http://science.sciencemag.org/content/352/6293/1514.full.pdf},
	journal = {Science}
}

@Inbook{Scholz2016,
	author="Scholz, Volker
	and Kempf, M.",
	editor="Proff, Heike
	and Fojcik, Thomas Martin",
	title="Autonomes {F}ahren: Autos im moralischen {D}ilemma?",
	bookTitle="Nationale und internationale Trends in der Mobilit{\"a}t: Technische und betriebswirtschaftliche Aspekte",
	year="2016",
	publisher="Springer Fachmedien Wiesbaden",
	address="Wiesbaden",
	pages="217--230",
	isbn="978-3-658-14563-7",
	doi="10.1007/978-3-658-14563-7_14",
	url="http://dx.doi.org/10.1007/978-3-658-14563-7_14"
}
@misc{bmvi2015,
	author={{Bundesministerium für Verkehr und digitale Infrastruktur}},
	title="Strategie automatisiertes und vernetztes {F}ahren: {L}eitanbieter bleiben, {L}eitmarkt werden, {R}egelbetrieb einleiten",
	publisher="BMVI",
	year="2015",
	address="Berlin",
	howpublished = "Brosch\"ure",
	url="http://www.bmvi.de/SharedDocs/DE/Publikationen/StB/broschuere-strategie-automatisiertes-vernetztes-fahren.pdf?__blob=publicationFile"
}